<?xml version="1.0" encoding="UTF-8"?><collection xmlns="http://www.loc.gov/MARC21/slim"><record><leader>00609nam--2200181-i-4500</leader><controlfield tag="001">000036451</controlfield><controlfield tag="002">20161230</controlfield><controlfield tag="005">20161230201040</controlfield><controlfield tag="008">060222s1000------------r-----000-0-eng-d</controlfield><datafield ind1=" " ind2=" " tag="040"><subfield code="a">IFIN-HH</subfield></datafield><datafield ind1=" " ind2=" " tag="080"><subfield code="a">539.12</subfield></datafield><datafield ind1="1" ind2=" " tag="100"><subfield code="a">Powell, C. F</subfield></datafield><datafield ind1=" " ind2=" " tag="245"><subfield code="a">The study of elementary particles by the photographic method</subfield><subfield code="b">An account of the principal techniques and idscoveries ilustrated by an atlas of photomicrographs</subfield><subfield code="c">C.f. powell, p.h. fowler, d.h. perkins</subfield></datafield><datafield ind1=" " ind2=" " tag="260"><subfield code="a">London</subfield><subfield code="b">Pergamon Press</subfield><subfield code="c">1959</subfield></datafield><datafield ind1=" " ind2=" " tag="300"><subfield code="a">XVI + 669P</subfield></datafield><datafield ind1="1" ind2=" " tag="700"><subfield code="a">Perkins D.H</subfield></datafield><datafield ind1=" " ind2=" " tag="852"><subfield code="a">14958</subfield><subfield code="c">539.12</subfield></datafield><datafield ind1=" " ind2=" " tag="CAT"><subfield code="a">Sys</subfield><subfield code="c">20111102</subfield><subfield code="h">163136</subfield></datafield></record></collection>